%% This BibTeX bibliography file was created using BibDesk.
%% http://bibdesk.sourceforge.net/


%% Created for Michael McQuaid at 2006-07-27 14:07:22 -0400 


%% Saved with string encoding Western (ASCII) 

@article{Miller1956,
   author = {George A. Miller},
   title = {The Magical Number Seven, Plus or Minus Two:
            Some Limits on Our Capacity for Processing
            Information},
   journal = {The Psychological Review},
   volume = {63},
   number = {},
   year = {1956},
   pages = {81--97}
}

@article{Chi1997,
   author = {Michelene T. H. Chi},
   title = {Quantifying Qualitative Analyses of Verbal Data: A Practical Guide},
   journal = {The Journal of the Learning Sciences},
   volume = {6},
   number = {3},
   year = {1997},
   pages = {271--315},
   publisher = {Lawrence Erlbaum Associates},
   address = {Mahwah, NJ, USA},
}

@article{Beyer1999,
   author = {Hugh Beyer and Karen Holtzblatt},
   title = {Contextual design},
   journal = {interactions},
   volume = {6},
   number = {1},
   year = {1999},
   issn = {1072-5520},
   pages = {32--42},
   publisher = {ACM Press},
   address = {New York, NY, USA},
}
   %% doi = {http://doi.acm.org/10.1145/291224.291229},

@inproceedings{Spinuzzi2000,
   author = {Clay Spinuzzi},
   title = {Investigating the technology-work relationship:
     a critical comparison of three qualitative field methods},
   booktitle = {IPCC/SIGDOC '00: Proceedings of IEEE
     professional communication society international
       professional communication conference and
       Proceedings of the 18th annual ACM international
       conference on Computer documentation},
   year = {2000},
   isbn = {0-7803-6431-7},
   pages = {419--432},
   venue = {Cambridge, Massachusetts},
   publisher = {IEEE Educational Activities Department},
   address = {Piscataway, NJ, USA},
}

@book{Dawkins1976,
	Address = {New York, NY},
	Author = {Dawkins, Richard},
	Publisher = {Oxford University Press},
	Title = {The Selfish Gene},
	Year = {1976}
}

@book{Dodson1990,
	Address = {Cincinnati, OH},
	Author = {Dodson, Bert},
	Publisher = {North Light},
	Title = {Keys to Drawing},
	ISBN = {0-89134-337-7},
	Year = {1990}
}

@book{Pink2005,
	Address = {New York, NY},
	Author = {Pink, Daniel E.},
	Publisher = {Riverhead Books},
	Title = {A Whole New Mind: Moving from the
          Information Age to the Conceptual Age},
	Year = {2005}}

@book{Holtzblatt2005,
	Address = {San Francisco, CA},
	Author = {Holtzblatt, Karen and Wendell, Jessamyn Burns and Wood, Shelley},
	Publisher = {Morgan Kaufmann},
	Title = {Rapid Contextual Design: A How-To Guide
          to Key Techniques for User-Centered Design},
	Year = {2005}}

@book{Cooper2003,
	Address = {Indianapolis, IN},
	Author = {Alan Cooper and Robert Reimann},
	Publisher = {Wiley},
	Title = {About Face 2.0: The Essentials of
          Interaction Design},
	Year = {2003}}

@book{Cooper2007,
	Address = {Indianapolis, IN},
	Author = {Alan Cooper and Robert Reimann},
	Publisher = {Wiley},
	Title = {About Face 3.0: The Essentials of
          Interaction Design},
	Year = {2007}}

@book{Cooper2014,
	Address = {Indianapolis, IN},
	Author = {Alan Cooper,
	  Robert Reimann,
	  David Cronin and
	  Christopher Noessel
	},
	Publisher = {Wiley},
	Title = {About Face 4.0: The Essentials of
          Interaction Design},
	Year = {2014}}

@book{Ericsson1984,
	Address = {Cambridge, MA},
	Author = {K. Anders Ericsson and Herbert A. Simon},
	Date-Added = {2006-07-27 14:02:26 -0400},
	Date-Modified = {2006-07-27 14:07:15 -0400},
	Publisher = {MIT Press},
	Title = {Protocol Analysis: Verbal Reports as Data},
	Year = {1984}}

@inproceedings{Hendry2005,
	Address = {New York, NY, USA},
	Author = {David G. Hendry and Sara Mackenzie and Ann Kurth and Freya Spielberg and Jim Larkin},
	Booktitle = {CHI '05: CHI '05 extended abstracts on Human factors in computing systems},
	Date-Added = {2006-07-27 13:42:27 -0400},
	Date-Modified = {2006-07-27 13:44:35 -0400},
	Doi = {http://doi.acm.org/10.1145/1056808.1056938},
	Isbn = {1-59593-002-7},
	venue = {Portland, OR, USA},
	Pages = {1447--1450},
	Publisher = {ACM Press},
	Title = {Evaluating paper prototypes on the street},
	Year = {2005}}

@article{Myers2000,
	Author = {Brad Myers and Scott E. Hudson and Randy Pausch},
	Date-Added = {2006-07-27 13:35:45 -0400},
	Date-Modified = {2006-07-27 13:37:47 -0400},
	Doi = {http://doi.acm.org/10.1145/344949.344959},
	Issn = {1073-0516},
	Journal = {ACM Trans. Comput.-Hum. Interact.},
	Number = {1},
	Pages = {3--28},
	Title = {Past, present, and future of user interface software tools},
	Volume = {7},
	Year = {2000}}

@inproceedings{Sefelin2003,
	Author = {Reinhard Sefelin and Manfred Tscheligi and Verena Giller},
	Booktitle = {CHI '03: CHI '03 extended abstracts on Human factors in computing systems},
	Date-Added = {2006-07-27 10:52:10 -0400},
	Date-Modified = {2006-07-27 10:54:16 -0400},
	Doi = {http://doi.acm.org/10.1145/765891.765986},
	Isbn = {1-58113-637-4},
	Pages = {778--779},
	Title = {Paper prototyping - what is it good for?: a comparison of paper- and computer-based low-fidelity prototyping},
	Year = {2003}}

@book{Norman2005,
	Author = {Donald A. Norman},
	Date-Added = {2006-07-26 18:02:34 -0400},
	Date-Modified = {2006-07-26 18:04:17 -0400},
	Isbn = {0465051367},
	Publisher = {Basic Books},
	Title = {Emotional Design: Why We Love (or Hate) Everyday Things},
	Year = {2005}}

@book{Norman2002,
	Author = {Donald A. Norman},
	Date-Added = {2006-07-26 16:55:40 -0400},
	Date-Modified = {2006-07-26 17:37:51 -0400},
	Isbn = {0465067107},
	Publisher = {Basic Books},
	Title = {The Design of Everyday Things},
	Year = {2002}}

@article{Winograd2006,
	Author = {Terry Winograd },
	Date-Added = {2006-07-26 16:30:38 -0400},
	Date-Modified = {2006-07-26 16:31:48 -0400},
	Journal = {Commun ACM},
	Month = {May},
	Number = {5},
	Pages = {71--73},
	Title = {Designing a new foundation for Design},
	Volume = {49},
	Year = {2006}}

@book{Raskin2000,
	Author = {Jef Raskin},
	Date-Added = {2006-07-26 16:22:22 -0400},
	Date-Modified = {2006-07-26 16:24:55 -0400},
	Isbn = {0201379376},
	Publisher = {Addison-Wesley Professional},
	Title = {The Humane Interface: New Directions for Designing Interactive Systems},
	Year = {2000}}

@misc{Mundi2006,
	Author = {Andrew Mundi},
	Date-Added = {2006-07-13 19:14:05 -0400},
	Date-Modified = {2006-07-13 19:34:29 -0400},
	Lastchecked = {July 13, 2006},
	Title = {Principles of Graphic Design},
	Url = {http://mundidesign.com},
	Urldate = {2006},
	Year = {2006}}

@article{Grudin2006,
	Address = {New York, NY, USA},
	Author = {Jonathan Grudin},
	Date-Added = {2006-07-13 19:01:03 -0400},
	Date-Modified = {2006-07-13 19:03:13 -0400},
	Doi = {http://doi.acm.org/10.1145/1109069.1109108},
	Issn = {1072-5520},
	Journal = {interactions},
	Number = {1},
	Pages = {54--59},
	Publisher = {ACM Press},
	Title = {Is HCI homeless?: in search of inter-disciplinary status},
	Volume = {13},
	Year = {2006}}

@article{Norman2006,
	Address = {New York, NY, USA},
	Author = {Donald A. Norman},
	Date-Added = {2006-07-13 18:44:10 -0400},
	Date-Modified = {2006-07-13 18:46:22 -0400},
	Issn = {1072-5520},
	Journal = {interactions},
	Number = {1},
	Pages = {45--60},
	Publisher = {ACM Press},
	Title = {Interaction design is still an art form.: ergonomics is real engineering},
	Volume = {13},
	Year = {2006}}

@inproceedings{Pruitt2003,
	Address = {New York, NY, USA},
	Author = {John Pruitt and Jonathan Grudin},
	Booktitle = {DUX '03: Proceedings of the 2003 conference on Designing for user experiences},
	Date-Added = {2006-07-13 12:40:38 -0400},
	Date-Modified = {2006-07-13 12:43:39 -0400},
	Doi = {http://doi.acm.org/10.1145/997078.997089},
	Isbn = {1-58113-728-1},
	venue = {San Francisco, California},
	Pages = {1--15},
	Publisher = {ACM Press},
	Title = {Personas: practice and theory},
	Year = {2003}}

@book{Nielsen1999,
	Address = {Thousand Oaks, CA, USA},
	Author = {Jakob Nielsen},
	Date-Added = {2006-07-12 12:02:58 -0400},
	Date-Modified = {2006-07-12 12:04:20 -0400},
	Isbn = {156205810X},
	Publisher = {New Riders Publishing},
	Title = {Designing Web Usability: The Practice of Simplicity},
	Year = {1999}}

@book{Shneiderman2004,
	Author = {Ben Shneiderman and Catherine Plaisant},
	Date-Added = {2006-07-12 11:56:47 -0400},
	Date-Modified = {2006-07-12 14:56:23 -0400},
	Isbn = {0321197860},
	Publisher = {Pearson Addison Wesley},
	Title = {Designing the User Interface: Strategies for Effective Human-Computer Interaction (4th Edition)},
	Year = {2004}}

@article{Weiser1991,
  author = {Mark Weiser},
  title = {The computer for the 21st Century},
  journal = {Scientific American},
  month = {September},
  year = {1991},
  pages = {94--104},
  publisher = {Nature Publishing Group},
  address = {New York, NY, USA},
}

@article{Wilson2007,
  author = {Chauncey E. Wilson},
  title = {The problem with usability problems:
      context is critical},
  journal = {interactions},
  volume = {14},
  number = {5},
  year = {2007},
  issn = {1072-5520},
  pages = {46--ff},
  doi = {http://doi.acm.org/10.1145/1288515.1288542},
  publisher = {ACM Press},
  address = {New York, NY, USA},
}

@inproceedings{Yates2003,
   author = {Alexander Yates and Oren Etzioni and Daniel Weld},
   title = {A reliable natural language interface to household appliances},
   booktitle = {IUI '03: Proceedings of the 8th international conference on Intelligent user interfaces},
   year = {2003},
   isbn = {1-58113-586-6},
   pages = {189--196},
   location = {Miami, Florida, USA},
   doi = {http://doi.acm.org/10.1145/604045.604075},
   publisher = {ACM Press},
   address = {New York, NY, USA}}
