
@Article{	  shinohara2012,
  author	= {Shinohara, Kristen},
  title		= {A New Approach for the Design of Assistive Technologies:
		  Design for Social Acceptance},
  journal	= {SIGACCESS Access. Comput.},
  issue_date	= {January 2012},
  number	= {102},
  month		= jan,
  year		= {2012},
  issn		= {1558-2337},
  pages		= {45--48},
  numpages	= {4},
  url		= {http://doi.acm.org/10.1145/2140446.2140456},
  doi		= {10.1145/2140446.2140456},
  acmid		= {2140456},
  publisher	= {ACM},
  address	= {New York, NY, USA}
}
