@article{Bigelow2012,
  title={Designing for success: Developing engineers who consider universal design principles},
  author={Bigelow, Kimberly Edginton},
  journal={Journal of Postsecondary Education and Disability},
  volume={25},
  number={3},
  year={2012},
  publisher={AHEAD: Association on Higher Education and Disability}
}

@article{Ladner2015,
 author = {Ladner, Richard E.},
 title = {Design for User Empowerment},
 journal = {interactions},
 issue_date = {March + April 2015},
 volume = {22},
 number = {2},
 month = feb,
 year = {2015},
 issn = {1072-5520},
 pages = {24--29},
 numpages = {6},
 url = {http://doi.acm.org/10.1145/2723869},
 doi = {10.1145/2723869},
 acmid = {2723869},
 publisher = {ACM},
 address = {New York, NY, USA},
} 

@incollection{Mace1991,
  title={Accessible environments: Toward universal design},
  author={Mace, Ronald L. and Graeme J. Hardie and Jaine P. Place},
  booktitle={Design interventions: Toward a more humane architecture},
  editor={W. E. Preiser and J. C. Vischer and E. T. White},
  year={1991},
  publisher={Van Nostrand Reinhold}
  address={New York}
}

@inproceedings{Newell2000,
 author = {Newell, Alan F. and Gregor, Peter},
 title = {\&Ldquo;User Sensitive Inclusive Design\&Rdquo;\&Mdash; in Search of a New Paradigm},
 booktitle = {Proceedings on the 2000 Conference on Universal Usability},
 series = {CUU '00},
 year = {2000},
 isbn = {1-58113-314-6},
 location = {Arlington, Virginia, USA},
 pages = {39--44},
 numpages = {6},
 url = {http://doi.acm.org/10.1145/355460.355470},
 doi = {10.1145/355460.355470},
 acmid = {355470},
 publisher = {ACM},
 address = {New York, NY, USA},
 keywords = {universal design, usability, user centered design},
} 

@article{Newell2011,
 author = {Newell, A. F. and Gregor, P. and Morgan, M. and Pullin, G. and Macaulay, C.},
 title = {User-Sensitive Inclusive Design},
 journal = {Univers. Access Inf. Soc.},
 issue_date = {August 2011},
 volume = {10},
 number = {3},
 month = aug,
 year = {2011},
 issn = {1615-5289},
 pages = {235--243},
 numpages = {9},
 url = {http://dx.doi.org/10.1007/s10209-010-0203-y},
 doi = {10.1007/s10209-010-0203-y},
 acmid = {2093689},
 publisher = {Springer-Verlag},
 address = {Berlin, Heidelberg},
 keywords = {Inclusive Design, Older and disabled people, Universal Design, User-Centred Design},
}

@inproceedings{Shinohara2016,
 author = {Shinohara, Kristen and Bennett, Cynthia L. and Wobbrock, Jacob O.},
 title = {How Designing for People With and Without Disabilities Shapes Student Design Thinking},
 booktitle = {Proceedings of the 18th International ACM SIGACCESS Conference on Computers and Accessibility},
 series = {ASSETS '16},
 year = {2016},
 isbn = {978-1-4503-4124-0},
 location = {Reno, Nevada, USA},
 pages = {229--237},
 numpages = {9},
 url = {http://doi.acm.org/10.1145/2982142.2982158},
 doi = {10.1145/2982142.2982158},
 acmid = {2982158},
 publisher = {ACM},
 address = {New York, NY, USA},
 keywords = {accessibility, assistive technology, design, design thinking},
} 

@article{Wobbrock2011,
 author = {Wobbrock, Jacob O. and Kane, Shaun K. and Gajos, Krzysztof Z. and Harada, Susumu and Froehlich, Jon},
 title = {Ability-Based Design: Concept, Principles and Examples},
 journal = {ACM Trans. Access. Comput.},
 issue_date = {April 2011},
 volume = {3},
 number = {3},
 month = apr,
 year = {2011},
 issn = {1936-7228},
 pages = {9:1--9:27},
 articleno = {9},
 numpages = {27},
 url = {http://doi.acm.org/10.1145/1952383.1952384},
 doi = {10.1145/1952383.1952384},
 acmid = {1952384},
 publisher = {ACM},
 address = {New York, NY, USA},
 keywords = {Ability-based design, adaptive user interfaces, assistive technology, computer access, design for all, inclusive design, universal design, universal usability, user interfaces for all},
} 
